<record><leader>00000cas a22000007a 4500</leader><controlfield tag="001">20697591</controlfield><controlfield tag="008">891127d19081926nduwr ne      0    0eng d</controlfield><datafield ind1=" " ind2=" " tag="010"><subfield code="a">sn 88076133 </subfield></datafield><datafield ind1=" " ind2=" " tag="040"><subfield code="a">NOP</subfield><subfield code="b">eng</subfield><subfield code="c">NOP</subfield><subfield code="d">OCLCQ</subfield></datafield><datafield ind1="0" ind2=" " tag="041"><subfield code="a">eng</subfield><subfield code="a">ger</subfield></datafield><datafield ind1=" " ind2=" " tag="042"><subfield code="a">msc</subfield></datafield><datafield ind1="0" ind2=" " tag="130"><subfield code="a">Reynolds enterprise (Reynolds, N.D. : 1908)</subfield></datafield><datafield ind1="1" ind2="4" tag="245"><subfield code="a">The Reynolds enterprise.</subfield></datafield><datafield ind1="1" ind2="3" tag="246"><subfield code="a">Reynolds enterprise the Red River Valley sun and the Reynolds enterprise</subfield></datafield><datafield ind1=" " ind2=" " tag="260"><subfield code="a">Reynolds, Grand Forks County, N.D. :</subfield><subfield code="b">K.B. Williams.</subfield></datafield><datafield ind1=" " ind2=" " tag="300"><subfield code="a">18 volumes :</subfield><subfield code="b">illustrations ;</subfield><subfield code="c">49-59 cm</subfield></datafield><datafield ind1=" " ind2=" " tag="310"><subfield code="a">Weekly</subfield></datafield><datafield ind1=" " ind2=" " tag="336"><subfield code="a">text</subfield><subfield code="b">txt</subfield><subfield code="2">rdacontent</subfield></datafield><datafield ind1=" " ind2=" " tag="337"><subfield code="a">unmediated</subfield><subfield code="b">n</subfield><subfield code="2">rdamedia</subfield></datafield><datafield ind1=" " ind2=" " tag="338"><subfield code="a">volume</subfield><subfield code="b">nc</subfield><subfield code="2">rdacarrier</subfield></datafield><datafield ind1="1" ind2=" " tag="362"><subfield code="a">Began in June 1908.</subfield></datafield><datafield ind1="0" ind2=" " tag="362"><subfield code="a">-v.18, no. 17 (Sept. 30, 1926).</subfield></datafield><datafield ind1=" " ind2=" " tag="500"><subfield code="a">Title varies: The Reynolds enterprise the Red River Valley sun and the Reynolds enterprise, Jan. 28, 1909-June 20, 1919.</subfield></datafield><datafield ind1=" " ind2=" " tag="530"><subfield code="a">Available on microfilm from the State Historical Society of North Dakota.</subfield></datafield><datafield ind1=" " ind2=" " tag="546"><subfield code="a">Some columns in German.</subfield></datafield><datafield ind1=" " ind2=" " tag="588"><subfield code="a">Description based on: Vol. 1, no. 33 (Jan. 28, 1909).</subfield></datafield><datafield ind1=" " ind2=" " tag="752"><subfield code="a">United States</subfield><subfield code="b">North Dakota</subfield><subfield code="c">Grand Forks</subfield><subfield code="d">Reynolds.</subfield></datafield><datafield ind1="0" ind2="0" tag="780"><subfield code="t">Red River Valley sun and Reynolds enterprise</subfield><subfield code="w">(DLC)sn 88076132</subfield></datafield><datafield ind1="0" ind2="0" tag="785"><subfield code="t">Red River Valley citizen</subfield><subfield code="w">(DLC)sn 88076134</subfield></datafield><datafield ind1="1" ind2=" " tag="029"><subfield code="a">AU@</subfield><subfield code="b">000025835888</subfield></datafield></record>